@article{vazjr2000,
	Author = {Vaz, Junior, J.},
	Journal = {Revista Brasileira de Ensino de F{\'i}sica},
	Number = {1},
	Pages = {5-31},
	Title = {A {\'A}lgebra Geom{\'e}trica do Espa{\c c}o-tempo e a Teoria da Relatividade},
	Volume = {22},
	Year = {2000}}
	
@mastersthesis{sousa2013,
	Author = {M{\^ o}nica Paula de Sousa},
	Date-Added = {2016-06-08 9:08:00 +0000},
	Date-Modified = {2016-06-08 9:08:00 +0000},
	Keywords = {{\' a}lgebras de Clifford},
	School = {Universidade Federal da Para{\'i}ba},
	Title = {{\' A}lgebras de Clifford: uma introdu{\c c}{\~ a}o {\' a} Geometria Spin},
	Type = {Disserta{\c c}{\~ a}o de Mestrado},
	Year = {2013}}
	
@article{vazjrweb,
	Author = {Vaz, Junior, J.},
    title={{\'A}lgebras Geom{\'e}tricas}, 
    url={http://www.ime.unicamp.br/~vaz/algeo.htm}, 
    urlaccessdate={08 jun. 2013},
    Year = {2013}}

@book{batistasantos2012,
    Author = {Eliezer Batista and Michel Valmor dos Santos},
    title = {Rota{\c c}{\~o}es, Quat{\'e}rnions e {\' A}lgebras de Clifford}, 
    Address = {Campinas},
    Year = {2012}}
    
@book{lounesto2001,
    title={Clifford Algebras and Spinors},
    author={Lounesto, P.},
    isbn={9780521005517},
    lccn={01025396},
    series={Cambridge Handbooks for Language Teachers},
    year={2001},
    publisher={Cambridge University Press}}
    
@book{winterle2000,
    title={Vetores e geometria anal{\'i}tica},
    author={Winterle, P.},
    isbn={9788534611091},
    year={2000},
    publisher={Pearson Makron Books}
}

@book{callioli1990,
  title={{\'A}lgebra linear e aplica{\c{c}}{\~o}es},
  author={Callioli, Carlos Alberto and Domingues, Hygino Hugueros and Costa, Roberto Celso Fabr{\'\i}cio},
  year={1990},
  publisher={Atual}
}
    
    
    
    
    
    
    
    
    
    
    
    
    
    
    